@article{maddah2014fundamental,
  title={Fundamental limits of caching},
  author={Maddah-Ali, Mohammad Ali and Niesen, Urs},
  journal={IEEE Transactions on information theory},
  volume={60},
  number={5},
  pages={2856--2867},
  year={2014},
  publisher={IEEE}
}